@article{reed2015patina,
  title={Patina: A formalization of the Rust programming language},
  author={Reed, Eric},
  journal={University of Washington, Department of Computer Science and Engineering, Tech. Rep. UW-CSE-15-03-02},
  year={2015}
}

@article{jung2017rustbelt,
  title={RustBelt: Securing the foundations of the Rust programming language},
  author={Jung, Ralf and Jourdan, Jacques-Henri and Krebbers, Robbert and Dreyer, Derek},
  journal={Proceedings of the ACM on Programming Languages},
  volume={2},
  number={POPL},
  pages={66},
  year={2017},
  publisher={ACM}
}

@book{nielson1992semantics,
  title={Semantics with applications},
  author={Nielson, Hanne Riis and Nielson, Flemming},
  volume={104},
  year={1992},
  publisher={Springer}
}
